@book{williamson1998survey,
  title={A survey of financial liberalization},
  author={Williamson, John and Mahar, Molly},
  year={1998},
  publisher={International Finance Section, Department of Economics, Princeton University}
}

@article{tabares2000desregulacion,
  title={Desregulaci{\'o}n y apertura del sector financiero mexicano},
  author={Tabares, Ram{\'o}n S{\'a}nchez and Daza, Alfredo S{\'a}nchez},
  journal={comercio exterior},
  volume={50},
  number={8},
  pages={690},
  year={2000}
}
@article{ranciere2006decomposing,
  title={Decomposing the effects of financial liberalization: Crises vs. growth},
  author={Ranciere, Romain and Tornell, Aaron and Westermann, Frank},
  journal={Journal of Banking \& Finance},
  volume={30},
  number={12},
  pages={3331--3348},
  year={2006},
  publisher={Elsevier}
}

@article{johansen1988statistical,
  title={Statistical analysis of cointegration vectors},
  author={Johansen, S{\o}ren},
  journal={Journal of economic dynamics and control},
  volume={12},
  number={2-3},
  pages={231--254},
  year={1988},
  publisher={Elsevier}
}

@article{romer1986increasing,
  title={Increasing returns and long-run growth},
  author={Romer, Paul M},
  journal={Journal of political economy},
  volume={94},
  number={5},
  pages={1002--1037},
  year={1986},
  publisher={The University of Chicago Press}
}

@article{fase2003financial,
  title={Financial environment and economic growth in selected Asian countries},
  author={Fase, Martin MG and Abma, RCN},
  journal={Journal of Asian economics},
  volume={14},
  number={1},
  pages={11--21},
  year={2003},
  publisher={Elsevier}
}

@article{cermeno2016desarrollo,
  title={Desarrollo financiero y la volatilidad del crecimiento: evidencia de series de tiempo para M{\'e}xico y Estados Unidos},
  author={Cerme{\~n}o, Rodolfo and Garc{\'\i}a, Mar{\'\i}a Jos{\'e} Roa and Gonz{\'a}lez-Vega, Claudio and others},
  journal={Monetaria},
  volume={38},
  number={2},
  pages={209--250},
  year={2016},
  publisher={Centro de Estudios Monetarios Latinoamericanos}
}

@article{johansen1988statistical,
  title={Statistical analysis of cointegration vectors},
  author={Johansen, S{\o}ren},
  journal={Journal of economic dynamics and control},
  volume={12},
  number={2-3},
  pages={231--254},
  year={1988},
  publisher={Elsevier}
}

@techreport{goldsmith1969financial,
  title={Financial structure and development.},
  author={Goldsmith, Raymond William},
  year={1969}
}

@article{king1993finance,
  title={Finance and growth: Schumpeter might be right},
  author={King, Robert G and Levine, Ross},
  journal={The quarterly journal of economics},
  volume={108},
  number={3},
  pages={717--737},
  year={1993},
  publisher={MIT Press}
}

@article{rodriguez2009desarrollo,
  title={Desarrollo financiero y crecimiento econ{\'o}mico en M{\'e}xico},
  author={Rodr{\'\i}guez Benavides, Domingo and L{\'o}pez Herrera, Francisco},
  journal={Problemas del desarrollo},
  volume={40},
  number={159},
  pages={39--60},
  year={2009}
}

@techreport{goldsmith1969financial,
  title={Financial structure and development.},
  author={Goldsmith, Raymond William},
  year={1969}
}

@article{levine1997desarrollo,
  title={Desarrollo financiero y crecimiento econ{\'o}mico: Enfoques y temario},
  author={Levine, Ross},
  journal={Journal of economic literature},
  volume={35},
  pages={688--726},
  year={1997}
}

@article{ang2007financial,
  title={Financial liberalization, financial sector development and growth: evidence from Malaysia},
  author={Ang, James B and McKibbin, Warwick J},
  journal={Journal of development economics},
  volume={84},
  number={1},
  pages={215--233},
  year={2007},
  publisher={Elsevier}
}